% Conferences
@string{AAAI    = "Proceedings of the AAAI Conference on Artificial Intelligence (AAAI)"}
@string{COLT    = "Proceedings of the Conference on Learning Theory (COLT)"}
@string{EC      = "Proceedings of the ACM Conference on Economics and Computation (EC)"}
@string{ICML    = "Proceedings of the International Conference on Machine Learning (ICML)"}
@string{IJCAI   = "Proceedings of the International Joint Conference on Artificial Intelligence (IJCAI)"}
@string{NeurIPS = "Proceedings of the Annual Conference on Neural Information Processing Systems (NeurIPS)"}
@string{NIPS    = "Proceedings of the Annual Conference on Neural Information Processing Systems (NIPS)"}
@string{SODA    = "Proceedings of the Annual ACM-SIAM Symposium on Discrete Algorithms (SODA)"}
@string{STOC    = "Proceedings of the Annual Symposium on Theory of Computing (STOC)"}
@string{ICLR    = "Proceedings of the International Conference on Learning Representations (ICLR)"}
@string{AAMAS   = "Proceedings of the International Conference on Autonomous Agents and Multiagent Systems (AAMAS)"}
@string{UAI     = "Proceedings of the Conference on Uncertainty in Artificial Intelligence (UAI)"}

% Journals
@string{GEB     = "Games and Economic Behavior"}
@string{JACM    = "Journal of the ACM"}
@string{JAIR    = "Journal of Artificial Intelligence Research"}
@string{JMLR    = "Journal of Machine Learning Research"}


%%%%%%%%%%%%%%%%%%%%%%%%%
% PUBLISHED PAPERS
%%%%%%%%%%%%%%%%%%%%%%%%%

@inproceedings{Farina19:Optimistic,
  title     = {Optimistic Regret Minimization for Extensive-Form Games via Dilated Distance-Generating Functions},
  author    = {Farina, Gabriele
                    and Kroer, Christian
                    and Sandholm, Tuomas},
  booktitle = NeurIPS,
  year      = {2019},
  keywords  = {own}
}

@inproceedings{Farina19:Efficient,
  title     = {Efficient Regret Minimization Algorithm for Extensive-Form Correlated Equilibrium},
  author    = {Farina, Gabriele
                    and Ling, Chun Kai
                    and Fang, Fei
                    and Sandholm, Tuomas},
  booktitle = NeurIPS,
  year      = {2019},
  keywords  = {own}
}

@inproceedings{Farina19:Correlation,
  title     = {Correlation in Extensive-Form Games: Saddle-Point Formulation and Benchmarks},
  author    = {Farina, Gabriele
                    and Ling, Chun Kai
                    and Fang, Fei
                    and Sandholm, Tuomas},
  booktitle = NeurIPS,
  year      = {2019},
  keywords  = {own}
}

@inproceedings{Farina20:Stochastic,
  title     = {Stochastic Regret Minimization in Extensive-Form Games},
  author    = {Farina, Gabriele
                    and Kroer, Christian
                    and Sandholm, Tuomas},
  booktitle = ICML,
  year      = {2020},
  keywords  = {own}
}

@inproceedings{Farina19:StablePredictive,
  title     = {Stable-Predictive Optimistic Counterfactual Regret Minimization},
  author    = {Farina, Gabriele
                    and Kroer, Christian
                    and Brown, Noam
                    and Sandholm, Tuomas},
  booktitle = ICML,
  year      = {2019},
  keywords  = {own}
}

@inproceedings{Farina19:Regret,
  title     = {Regret Circuits: Composability of Regret Minimizers},
  author    = {Farina, Gabriele
                    and Kroer, Christian
                    and Sandholm, Tuomas},
  booktitle = ICML,
  year      = {2019},
  keywords  = {own}
}

@inproceedings{Farina20:Coarse,
  title     = {Coarse Correlation in Extensive-Form Games},
  author    = {Farina, Gabriele
                    and Bianchi, Tommaso
                    and Sandholm, Tuomas},
  booktitle = AAAI,
  year      = {2020},
  keywords  = {own}
}

@inproceedings{Farina19:Online,
  title     = {Online Convex Optimization for Sequential Decision Processes and Extensive-Form Games},
  author    = {Gabriele Farina
                    and Christian Kroer
                    and Tuomas Sandholm},
  booktitle = AAAI,
  year      = {2019},
  keywords  = {own}
}

@inproceedings{Kroer18:Solving,
  title     = {Solving Large Sequential Games with the Excessive Gap Technique},
  author    = {Christian Kroer
                    and Gabriele Farina
                    and Tuomas Sandholm},
  booktitle = NeurIPS,
  year      = {2018},
  keywords  = {own}
}

@inproceedings{Kroer17:Smoothing,
  title     = {Smoothing Method for Approximate Extensive-Form Perfect Equilibrium},
  author    = {Kroer, Christian
                    and Farina, Gabriele
                    and Sandholm, Tuomas},
  booktitle = IJCAI,
  year      = {2017},
  keywords  = {own}
}

@inproceedings{Farina17:Regret,
  title     = {Regret Minimization in Behaviorally-Constrained Zero-Sum Games},
  author    = {Gabriele Farina
                    and Christian Kroer
                    and Tuomas Sandholm},
  booktitle = ICML,
  year      = {2017},
  keywords  = {own}
}

@inproceedings{Farina17:Extensive,
  title     = {Extensive-Form Perfect Equilibrium Computation in Two-Player Games},
  author    = {Farina, Gabriele
                    and Gatti, Nicola},
  booktitle = AAAI,
  year      = {2017},
  keywords  = {own}
}
 
@inproceedings{Farina18:Practical,
  title     = {Practical Exact Algorithm for Trembling-Hand Equilibrium Refinements in Games},
  author    = {Farina, Gabriele
                    and Gatti, Nicola
                    and Sandholm, Tuomas},
  booktitle = NeurIPS,
  year      = {2018},
  keywords  = {own}
}

@inproceedings{Farina18:Ex,
  title     = {Ex ante coordination and collusion in zero-sum multi-player extensive-form games},
  author    = {Farina, Gabriele
                    and Celli, Andrea
                    and Gatti, Nicola
                    and Sandholm, Tuomas},
  booktitle = NeurIPS,
  year      = {2018},
  keywords  = {own}
}

@inproceedings{Marchesi19:Quasi,
  title     = {Quasi-Perfect Stackelberg Equilibrium},
  author    = {Marchesi, Alberto
                    and Farina, Gabriele
                    and Kroer, Christian
                    and Gatti, Nicola
                    and Sandholm, Tuomas},
  booktitle = AAAI,
  year      = {2019}
}

@inproceedings{Farina18:Trembling,
  title     = {Trembling-Hand Perfection in Extensive-Form Games with Commitment},
  author    = {Farina, Gabriele
                    and Marchesi, Alberto
                    and Kroer, Christian
                    and Gatti, Nicola
                    and Sandholm, Tuomas},
  booktitle = IJCAI,
  year      = {2018}
}

%%%%%%%%%%%%%%%%%%%%%%%%%
% WORKING PAPERS
%%%%%%%%%%%%%%%%%%%%%%%%%

@online{Farina20:FasterTmecor,
  title      = {Faster Algorithms for Optimal Ex-Ante Coordinated Collusive Strategies in Extensive-Form Zero-Sum Games},
  author     = {Gabriele Farina
                    and Andrea Celli
                    and Nicola Gatti
                    and Tuomas Sandholm},
  eprinttype = {arXiv},
  eprint     = {2009.10061},
  year       = {2020},
  keywords   = {own, wip}
}

@misc{Farina21:Bandit,
  title        = {Bandit Linear Optimization for Sequential Decision Making and Extensive-Form Games},
  author       = {Farina, Gabriele
                    and Schmucker, Robin
                    and Sandholm, Tuomas},
  howpublished = {To appear in the proceedings of the AAAI Conference on Artificial Intelligence (AAAI)},
  year         = {2021},
  keywords     = {own, wip}
}

@misc{Celli20:NoRegret,
  title        = {No-Regret Learning Dynamics for Extensive-Form Correlated Equilibrium},
  author       = {Celli, Andrea
                    and Marchesi, Alberto
                    and Farina, Gabriele
                    and Gatti, Nicola},
  howpublished = {To appear in the proceedings of the Conference on Neural Information Processing Systems (NeurIPS)},
  year         = {2020},
  keywords     = {own, wip}
}

@misc{Farina21:Faster,
  title        = {Faster Game Solving via Predictive Blackwell Approachability: Connecting Regret Matching and Mirror Descent},
  author       = {Gabriele Farina
                    and Christian Kroer
                    and Tuomas Sandholm},
  howpublished = {To appear in the proceedings of the AAAI Conference on Artificial Intelligence (AAAI)},
  year         = {2021},
  keywords     = {own, wip}
}

@misc{Farina21:Model,
  title        = {Model-Free Online Learning in Unknown Sequential Decision Making Problems and Games},
  author       = {Farina, Gabriele
                    and Sandholm, Tuomas},
  howpublished = {To appear in the proceedings of the AAAI Conference on Artificial Intelligence (AAAI)},
  year         = {2021},
  keywords     = {own, wip}
}

@misc{Farina20:Polynomial,
  title        = {Polynomial-Time Computation of Optimal Correlated Equilibria in Two-Player Extensive-Form Games with Public Chance Moves and Beyond},
  author       = {Farina, Gabriele
                    and Sandholm, Tuomas},
  howpublished = {To appear in the proceedings of the Conference on Neural Information Processing Systems (NeurIPS)},
  year         = {2020},
  keywords     = {own, wip}
}

%%%%%%%%%%%%%%%%%%%%%%%%%
% LITERATURE
%%%%%%%%%%%%%%%%%%%%%%%%%

@inproceedings{Bartlett08:High,
  title     = {High-probability regret bounds for bandit online linear optimization},
  author    = {Peter L. Bartlett
                    and Varsha Dani
                    and Thomas Hayes
                    and Sham Kakade
                    and Alexander Rakhlin
                    and Ambuj Tewari},
  booktitle = COLT,
  year      = {2008}
}

@inproceedings{Dani08:Price,
  title     = {The Price of Bandit Information for Online Optimization},
  author    = {Varsha Dani
                    and Kakade, Sham M.
                    and Thomas P. Hayes},
  booktitle = NIPS,
  year      = {2008}
}

@inproceedings{Abernethy08:Competing,
  title     = {Competing in the dark: An efficient algorithm for bandit linear optimization},
  author    = {Jacob Abernethy
                    and Elad Hazan
                    and Alexander Rakhlin},
  booktitle = COLT,
  year      = {2008}
}

@book{Boyd04:Convex,
  title     = {Convex Optimization},
  author    = {Stephen Boyd
                    and Lieven Vandenberghe},
  publisher = {Cambridge University Press},
  year      = {2004}
}

@techreport{Abernethy09:Beating,
  title       = {Beating the Adaptive Bandit with High Probability},
  author      = {Abernethy, Jacob
                    and Rakhlin, Alexander},
  institution = {EECS Department, University of California, Berkeley},
  year        = {2009},
  url         = {http://www2.eecs.berkeley.edu/Pubs/TechRpts/2009/EECS-2009-10.html},
  number      = {UCB/EECS-2009-10}
}

@article{Hoda10:Smoothing,
  title   = {Smoothing Techniques for Computing {N}ash Equilibria of Sequential Games},
  author  = {Samid Hoda
                    and Andrew Gilpin
                    and Javier Pe{\~n}a 
                    and Tuomas Sandholm},
  journal = {Mathematics of Operations Research},
  year    = {2010},
  volume  = {35},
  number  = {2}
}

@article{Gilboa89:Nash,
  title   = {{N}ash and Correlated Equilibria: Some Complexity Considerations},
  author  = {Itzhak Gilboa
                    and Eitan Zemel},
  journal = GEB,
  year    = {1989},
  volume  = {1},
  pages   = {80--93}
}

@inproceedings{Gordon08:No,
  title        = {No-regret learning in convex games},
  author       = {Gordon, Geoffrey J and Greenwald, Amy and Marks, Casey},
  booktitle    = ICML,
  year         = {2008},
  pages        = {360--367},
  organization = {ACM}
}

@inproceedings{Dudik09:Sampling,
  title     = {A sampling-based approach to computing equilibria in succinct extensive-form games},
  author    = {Dudik, Miroslav and Gordon, Geoffrey J},
  booktitle = UAI,
  year      = {2009}
}

@article{Schwartz07:Primal,
  title   = {A primal-dual perspective of online learning algorithms},
  author  = {Shalev-Shwartz, Shai
                    and Singer, Yoram},
  journal = {Machine Learning},
  year    = {2007},
  volume  = {69},
  number  = {2-3},
  pages   = {115--142}
}

@article{Ford58:Suggested,
  title   = {A Suggested Computation for Maximal Multi-Commodity Network Flows},
  author  = {Ford, L. R.
                    and Fulkerson, D. R.},
  journal = {Management Science},
  year    = {1958},
  volume  = {5},
  number  = {1},
  pages   = {97-101}
}

@inproceedings{Schuurmans16:Deep,
  title     = {Deep learning games},
  author    = {Schuurmans, Dale
                    and Zinkevich, Martin A},
  booktitle = {Advances in Neural Information Processing Systems},
  year      = {2016}
}

@article{Auer02:Nonstochastic,
  title   = {The Nonstochastic Multiarmed Bandit Problem},
  author  = {Peter Auer
                    and Nicolo Cesa-Bianchi
                    and Yoav Freund
                    and Robert E. Schapire},
  journal = {SIAM Journal of Computing},
  year    = {2002},
  volume  = {32},
  pages   = {48--77}
}

@inproceedings{Kroer15:Faster,
  title     = {Faster First-Order Methods for Extensive-Form Game Solving},
  author    = {Christian Kroer
                    and Kevin Waugh
                    and Fatma K{\i}l{\i}n\c{c}-Karzan
                    and Tuomas Sandholm},
  booktitle = EC,
  year      = {2015}
}

@inproceedings{Kroer17:Theoretical,
  title     = {Theoretical and Practical Advances on Smoothing for Extensive-Form Games},
  author    = {Christian Kroer
                    and Kevin Waugh
                    and Fatma K{\i}l{\i}n\c{c}-Karzan
                    and Tuomas Sandholm},
  booktitle = EC,
  year      = {2017}
}

@article{Kroer18:Faster,
  title   = {Faster algorithms for extensive-form game solving via improved smoothing functions},
  author  = {Kroer, Christian
                    and Waugh, Kevin
                    and K{\i}l{\i}n{\c{c}}-Karzan, Fatma
                    and Sandholm, Tuomas},
  journal = {Mathematical Programming},
  volume  = {179},
  year    = {2018}
}

@misc{Rakhlin09:Lecture,
  title  = {Lecture Notes on Online Learning},
  author = {Alexander Rakhlin},
  year   = {2009},
  note   = {Available at \url{http://www-stat.wharton.upenn.edu/~rakhlin/courses/stat991/papers/lecture_notes.pdf}}
}

@article{Ashlagi08:Value,
  title   = {On the value of correlation},
  author  = {Ashlagi, Itai
                    and Monderer, Dov
                    and Tennenholtz, Moshe},
  journal = JAIR,
  year    = {2008},
  volume  = {33},
  pages   = {575--613}
}

@inproceedings{Dudik09:Sampling,
  title     = {A sampling-based approach to computing equilibria in succinct extensive-form games},
  author    = {Dudik, Miroslav
                    and Gordon, Geoffrey J},
  booktitle = UAI,
  year      = {2009}
}

@article{vonStengel08:Extensive,
  title   = {Extensive-form correlated equilibrium: Definition and computational complexity},
  author  = {{von Stengel}, Bernhard
                    and Forges, Fran{\c{c}}oise},
  journal = {Mathematics of Operations Research},
  volume  = {33},
  year    = {2008}
}

@incollection{vonStengel02:Computing,
  title     = {Computing Equilibria for Two-Person Games},
  author    = {{von Stengel}, Bernhard},
  booktitle = {Handbook of game theory},
  year      = {2002},
  editor    = {Robert Aumann and Sergiu Hart},
  volume    = {3}
}

@article{Hart00:Simple,
  title   = {A Simple Adaptive Procedure Leading to Correlated Equilibrium},
  author  = {Sergiu Hart
                    and Andreu Mas-Colell},
  journal = {Econometrica},
  year    = {2000},
  volume  = {68},
  pages   = {1127--1150}
}

@inproceedings{Lanctot09:Monte,
  title     = {{M}onte {C}arlo Sampling for Regret Minimization in Extensive Games},
  author    = {Marc Lanctot
                    and Kevin Waugh
                    and Martin Zinkevich
                    and Michael Bowling},
  booktitle = NIPS,
  year      = {2009}
}

@article{Romanovskii62:Reduction,
  title   = {Reduction of a Game with Complete Memory to a Matrix Game},
  author  = {I. Romanovskii},
  journal = {Soviet Mathematics},
  year    = {1962},
  volume  = {3}
}

@article{Koller96:Efficient,
  title   = {Efficient Computation of Equilibria for Extensive Two-Person Games},
  author  = {Daphne Koller
                    and Nimrod Megiddo
                    and Bernhard {von Stengel}},
  journal = GEB,
  year    = {1996},
  volume  = {14},
  number  = {2}
}

@article{Stengel96:Efficient,
  title   = {Efficient Computation of Behavior Strategies},
  author  = {Bernhard {von Stengel}},
  journal = GEB,
  year    = {1996},
  pages   = {220--246},
  volume  = {14},
  number  = {2}
}

@article{Nesterov09:Primal,
  title   = {Primal-dual subgradient methods for convex problems},
  author  = {Nesterov, Yurii},
  journal = {Mathematical programming},
  year    = {2009},
  volume  = {120},
  number  = {1},
  pages   = {221--259}
}

@inproceedings{Waugh15:Unified,
  title     = {A Unified View of Large-scale Zero-sum Equilibrium Computation},
  author    = {Kevin Waugh
                    and Drew Bagnell},
  booktitle = {Computer Poker and Imperfect Information Workshop at the AAAI Conference on Artificial Intelligence (AAAI)},
  year      = {2015}
}

@inproceedings{Brown17:Dynamic,
  title     = {Dynamic Thresholding and Pruning for Regret Minimization},
  author    = {Noam Brown
                    and Christian Kroer
                    and Tuomas Sandholm},
  booktitle = AAAI,
  year      = {2017}
}

@inproceedings{Brown19:Solving,
  title     = {Solving imperfect-information games via discounted regret minimization},
  author    = {Noam Brown
                    and Tuomas Sandholm},
  booktitle = AAAI,
  year      = {2019}
}

@inproceedings{Zinkevich07:Regret,
  title     = {Regret Minimization in Games with Incomplete Information},
  author    = {Martin Zinkevich
                    and Michael Bowling
                    and Michael Johanson 
                    and Carmelo Piccione},
  booktitle = NIPS,
  year      = {2007}
}

@article{Bowling15:Heads,
  title   = {Heads-up Limit Hold'em Poker is Solved},
  author  = {Michael Bowling
                    and Neil Burch 
                    and Michael Johanson
                    and Oskari Tammelin},
  journal = {Science},
  year    = {2015},
  volume  = {347},
  number  = {6218},
  month   = jan
}

@inproceedings{Tammelin15:Solving,
  title     = {Solving Heads-up Limit {T}exas Hold'em},
  author    = {Oskari Tammelin
                    and Neil Burch
                    and Michael Johanson
                    and Michael Bowling},
  booktitle = IJCAI,
  year      = {2015}
}

@inproceedings{Rakhlin13:Online,
  title     = {Online Learning with Predictable Sequences},
  author    = {Rakhlin, Alexander
                    and Sridharan, Karthik},
  booktitle = COLT,
  year      = {2013}
}

@inproceedings{Rakhlin13:Optimization,
  title     = {Optimization, learning, and games with predictable sequences},
  author    = {Rakhlin, Sasha
                    and Sridharan, Karthik},
  booktitle = NIPS,
  year      = {2013}
}

@inproceedings{Syrgkanis15:Fast,
  title     = {Fast convergence of regularized learning in games},
  author    = {Syrgkanis, Vasilis
                    and Agarwal, Alekh
                    and Luo, Haipeng
                    and Schapire, Robert E},
  booktitle = {Advances in Neural Information Processing Systems},
  year      = {2015}
}

@article{Shalev-Shwartz12:Online,
  title   = {Online Learning and Online Convex Optimization},
  author  = {Shai Shalev-Shwartz},
  journal = {Foundations and Trends in Machine Learning},
  year    = {2012},
  volume  = {4},
  number  = {2}
}

@inproceedings{Awerbuch04:Adaptive,
  title     = {Adaptive routing with end-to-end feedback: distributed learning and geometric approaches},
  author    = {Baruch Awerbuch
                    and Robert D. Kleinberg},
  booktitle = STOC,
  year      = {2004}
}

@inproceedings{Chiang12:Online,
  title     = {Online optimization with gradual variations},
  author    = {Chiang, Chao-Kai
                    and Yang, Tianbao
                    and Lee, Chia-Jung
                    and Mahdavi, Mehrdad
                    and Lu, Chi-Jen
                    and Jin, Rong
                    and Zhu, Shenghuo},
  booktitle = COLT,
  year      = {2012}
}

@inproceedings{Wang18:Acceleration,
  title     = {Acceleration through Optimistic No-Regret Dynamics},
  author    = {Wang, Jun-Kun
                    and Abernethy, Jacob D},
  booktitle = NeurIPS,
  year      = {2018}
}

@article{Moulin78:Strategically,
  title   = {Strategically zero-sum games: The class of games whose completely mixed equilibria cannot be improved upon},
  author  = {Hervé Moulin
                   and Jean-Philippe Vial},
  journal = {International Journal of Game Theory},
  year    = {1978},
  volume  = {7},
  number  = {3-4}
}

@inproceedings{Ling18:What,
  title     = {What game are we playing? {E}nd-to-end learning in normal and extensive form games},
  author    = {Ling, Chun Kai
                    and Fang, Fei
                    and Kolter, J Zico},
  booktitle = IJCAI,
  year      = {2018}
}

@misc{Heinrich16:Deep,
  title        = {Deep reinforcement learning from self-play in imperfect-information games},
  author       = {Heinrich, Johannes
                    and Silver, David},
  howpublished = {arXiv preprint arXiv:1603.01121},
  year         = {2016}
}

@incollection{Brown51:Iterative,
  title     = {Iterative Solutions of Games by Fictitious Play},
  author    = {George W. Brown},
  booktitle = {Activity Analysis of Production and Allocation},
  publisher = {John Wiley \& Sons},
  year      = {1951},
  editor    = {Tjalling C. Koopmans},
  pages     = {374--376}
}

@article{Blackwell56:analog,
  title   = {An analog of the minmax theorem for vector payoffs},
  author  = {David Blackwell},
  journal = {Pacific Journal of Mathematics},
  year    = {1956},
  volume  = {6},
  pages   = {1--8}
}

@inproceedings{Blackwell54:Controlled,
  title     = {Controlled random walks},
  author    = {Blackwell, David},
  booktitle = {Proceedings of the international congress of mathematicians},
  volume    = {3},
  year      = {1954},
  pages     = {336--338}
}

@article{Foster99:Proof,
  title   = {A proof of calibration via {B}lackwell's approachability theorem},
  author  = {Foster, Dean P},
  journal = GEB,
  year    = {1999},
  volume  = {29},
  number  = {1-2},
  pages   = {73--78}
}

@article{Moravvcik17:DeepStack,
  title   = {DeepStack: Expert-level artificial intelligence in heads-up no-limit poker},
  author  = {Morav{\v c}{\'i}k, Matej
                    and Schmid, Martin
                    and Burch, Neil
                    and Lis{\'y}, Viliam
                    and Morrill, Dustin
                    and Bard, Nolan
                    and Davis, Trevor
                    and Waugh, Kevin
                    and Johanson, Michael
                    and Bowling, Michael},
  journal = {Science},
  year    = {2017}
}

@article{Brown17:Superhuman,
  title   = {Superhuman {AI} for heads-up no-limit poker: {Libratus} beats top professionals},
  author  = {Brown, Noam
                    and Sandholm, Tuomas},
  journal = {Science},
  year    = {2017},
  volume  = {359},
  pages   = {418--424}
}

@article{Brown19:Superhuman,
  title   = {Superhuman {AI} for multiplayer poker},
  author  = {Brown, Noam
                    and Sandholm, Tuomas},
  journal = {Science},
  year    = {2019},
  volume  = {365},
  pages   = {885--890}
}

@inproceedings{Zinkevich03:Online,
  title     = {Online Convex Programming and Generalized Infinitesimal Gradient Ascent},
  author    = {Martin Zinkevich},
  booktitle = ICML,
  year      = {2003}
}

@article{Hazan16:Introduction,
  title   = {Introduction to online convex optimization},
  author  = {Hazan, Elad},
  journal = {Foundations and Trends in Optimization},
  year    = {2016},
  volume  = {2},
  number  = {3-4},
  pages   = {157--325}
}

@inproceedings{Flaxman05:Online,
  title     = {Online Convex Optimization in the Bandit Setting: Gradient Descent Without a Gradient},
  author    = {Abie Flaxman
                    and Adam Kalai
                    and Brendan McMahan},
  booktitle = SODA,
  year      = {2005}
}

@online{Tammelin14:Solving,
  title      = {Solving large imperfect information games using {CFR+}},
  author     = {Tammelin, Oskari},
  eprinttype = {arXiv},
  eprint     = {1407.5042},
  year       = {2014}
}

@inproceedings{Abernethy11:Blackwell,
  title     = {{B}lackwell Approachability and No-Regret Learning are Equivalent},
  author    = {Abernethy, Jacob
                    and Bartlett, Peter L
                    and Hazan, Elad},
  booktitle = COLT,
  year      = {2011},
  pages     = {27--46}
}

@inproceedings{Davis19:Solving,
  title     = {Solving Large Extensive-Form Games with Strategy Constraints},
  author    = {Davis, Trevor
                    and Waugh, Kevin
                    and Bowling, Michael},
  booktitle = AAAI,
  year      = {2019}
}


%%% Finish checking
@incollection{Kuhn50:Simplified,
  author    = {H. W. Kuhn},
  title     = {A Simplified Two-Person Poker},
  booktitle = {Contributions to the Theory of Games},
  publisher = {Princeton University Press},
  year      = {1950},
  editor    = {H. W. Kuhn and A. W. Tucker},
  volume    = {1},
  series    = {Annals of Mathematics Studies, 24},
  pages     = {97--103},
  address   = {Princeton, New Jersey}
}

@inproceedings{Kleinberg04:Nearly,
  title     = {Nearly tight bounds for the continuum-armed bandit problem},
  author    = {Robert Kleinberg},
  year      = {2004},
  booktitle = NIPS
}

@article{Gyorgy07:OnLine,
  title   = {The on-line shortest path problem under partial monitoring},
  author  = {Gy{\"o}rgy, Andr{\'a}s and Linder, Tam{\'a}s and Lugosi, G{\'a}bor and Ottucs{\'a}k, Gy{\"o}rgy},
  journal = {Journal of Machine Learning Research},
  volume  = {8},
  number  = {Oct},
  pages   = {2369--2403},
  year    = {2007}
}

@book{Lattimore20:Bandit,
  title     = {Bandit Algorithms},
  author    = {Lattimore, T. and Szepesv{\'a}ri, C.},
  isbn      = {9781108486828},
  lccn      = {2019053276},
  year      = {2020},
  publisher = {Cambridge University Press}
}

@article{Even09:Online,
  title     = {Online Markov decision processes},
  author    = {Even-Dar, Eyal and Kakade, Sham M and Mansour, Yishay},
  journal   = {Mathematics of Operations Research},
  volume    = {34},
  number    = {3},
  pages     = {726--736},
  year      = {2009},
  publisher = {INFORMS}
}

@techreport{Gordon05:No,
  author      = {Geoffrey J. Gordon},
  title       = {No-regret algorithms for structured prediction problems},
  institution = {Carnegie Mellon University},
  year        = {2005},
  number      = {CMU-CALD-05-112}
}

@inproceedings{Neu10:Online,
  title     = {Online Markov decision processes under bandit feedback},
  author    = {Neu, Gergely and Antos, Andras and Gy{\"o}rgy, Andr{\'a}s and Szepesv{\'a}ri, Csaba},
  booktitle = {Advances in Neural Information Processing Systems},
  pages     = {1804--1812},
  year      = {2010}
}

@inproceedings{Kash19:Combining,
  title     = {Combining No-regret and {Q}-learning},
  author    = {Kash, Ian A and Sullins, Michael and Hofmann, Katja},
  booktitle = AAMAS,
  year      = {2020}
}

@article{Perolat20:Poincare,
  title   = {From {P}oincar\'e Recurrence to Convergence in Imperfect Information Games: Finding Equilibrium via Regularization},
  author  = {Perolat, Julien and Munos, Remi and Lespiau, Jean-Baptiste and Omidshafiei, Shayegan and Rowland, Mark and Ortega, Pedro and Burch, Neil and Anthony, Thomas and Balduzzi, David and De Vylder, Bart and others},
  journal = {arXiv preprint arXiv:2002.08456},
  year    = {2020}
}

@techreport{Moulin14:Coarse,
  title       = {Coarse correlated equilibria in an abatement game},
  author      = {Moulin, Herve and Ray, Indrajit and Gupta, Sonali Sen},
  year        = {2014},
  institution = {Cardiff Economics Working Papers}
}

@inproceedings{Jin18:QLearning,
  title     = {Is {Q}-learning provably efficient?},
  author    = {Jin, Chi and Allen-Zhu, Zeyuan and Bubeck, Sebastien and Jordan, Michael I},
  booktitle = {Advances in Neural Information Processing Systems},
  pages     = {4863--4873},
  year      = {2018}
}

@inproceedings{Zhou20:Posterior,
  title     = {Posterior sampling for multi-agent reinforcement learning: solving extensive games with imperfect information},
  author    = {Yichi Zhou and Jialian Li and Jun Zhu},
  booktitle = ICLR,
  year      = {2020}
}

@inproceedings{Srinivasan18:Actor,
  author    = {Srinivasan, Sriram and Lanctot, Marc and Zambaldi, Vinicius and P\'{e}rolat, Julien and Tuyls, Karl and Munos, R\'{e}mi and Bowling, Michael},
  title     = {Actor-Critic Policy Optimization in Partially Observable Multiagent Environments},
  booktitle = NeurIPS,
  year      = {2018}
}

@inproceedings{Strens00:Bayesian,
  title     = {A {B}ayesian framework for reinforcement learning},
  author    = {Strens, Malcolm},
  booktitle = ICML,
  year      = {2000}
}

@inproceedings{Bubeck17:Kernel,
  title     = {Kernel-based methods for bandit convex optimization},
  author    = {Bubeck, S{\'e}bastien and Lee, Yin Tat and Eldan, Ronen},
  booktitle = STOC,
  pages     = {72--85},
  year      = {2017}
}

@article{Aumann74:Subjectivity,
  author  = {Robert Aumann},
  title   = {Subjectivity and Correlation in Randomized Strategies},
  journal = {Journal of Mathematical Economics},
  year    = {1974},
  volume  = {1},
  pages   = {67--96}
}

@inproceedings{Celli19:Learning,
  title     = {Learning to Correlate in Multi-Player General-Sum Sequential Games},
  author    = {Andrea Celli and Alberto Marchesi and Tommaso Bianchi and Nicola Gatti},
  booktitle = NeurIPS,
  year      = {2020}
}

@article{Matignon12:Independent,
  title     = {Independent reinforcement learners in cooperative markov games: a survey regarding coordination problems},
  author    = {Matignon, Laetitia and Laurent, Guillaume J and Le Fort-Piat, Nadine},
  journal   = {The Knowledge Engineering Review},
  volume    = {27},
  number    = {1},
  pages     = {1--31},
  year      = {2012},
  publisher = {Cambridge University Press}
}

@inproceedings{Johanson12:Finding,
  title     = {Finding optimal abstract strategies in extensive-form games},
  author    = {Johanson, Michael and Bard, Nolan and Burch, Neil and Bowling, Michael},
  booktitle = AAAI,
  pages     = {1371--1379},
  year      = {2012}
}

@article{Ponsen11:Computing,
  title   = {Computing approximate nash equilibria and robust best-responses using sampling},
  author  = {Ponsen, Marc and De Jong, Steven and Lanctot, Marc},
  journal = {Journal of Artificial Intelligence Research},
  volume  = {42},
  pages   = {575--605},
  year    = {2011}
}

@inproceedings{Lisy15:Online,
  title     = {Online monte carlo counterfactual regret minimization for search in imperfect information games},
  author    = {Lis{\`y}, Viliam and Lanctot, Marc and Bowling, Michael},
  booktitle = {Proceedings of the 2015 international conference on autonomous agents and multiagent systems},
  pages     = {27--36},
  year      = {2015}
}

@inproceedings{Heinrich15:Fictitious,
  title     = {Fictitious self-play in extensive-form games},
  author    = {Heinrich, Johannes and Lanctot, Marc and Silver, David},
  booktitle = {International Conference on Machine Learning},
  pages     = {805--813},
  year      = {2015}
}

@incollection{Grant06:Disciplined,
  title     = {Disciplined convex programming},
  author    = {Grant, Michael and Boyd, Stephen and Ye, Yinyu},
  booktitle = {Global optimization},
  pages     = {155--210},
  year      = {2006},
  publisher = {Springer}
}

@misc{Grant08:Cvx,
  title  = {CVX: Matlab software for disciplined convex programming},
  author = {Grant, Michael and Boyd, Stephen and Ye, Yinyu},
  year   = {2008}
}


@inproceedings{Zimin13:Online,
  title     = {Online learning in episodic {M}arkovian decision processes by relative entropy policy search},
  author    = {Zimin, Alexander and Neu, Gergely},
  booktitle = {Advances in neural information processing systems},
  pages     = {1583--1591},
  year      = {2013}
}

@article{Lanctot19:OpenSpiel,
  title         = {{OpenSpiel}: A Framework for Reinforcement Learning in Games},
  author        = {Marc Lanctot and Edward Lockhart and Jean-Baptiste Lespiau and
               Vinicius Zambaldi and Satyaki Upadhyay and Julien P\'{e}rolat and
               Sriram Srinivasan and Finbarr Timbers and Karl Tuyls and
               Shayegan Omidshafiei and Daniel Hennes and Dustin Morrill and
               Paul Muller and Timo Ewalds and Ryan Faulkner and J\'{a}nos Kram\'{a}r
               and Bart De Vylder and Brennan Saeta and James Bradbury and David Ding
               and Sebastian Borgeaud and Matthew Lai and Julian Schrittwieser and
               Thomas Anthony and Edward Hughes and Ivo Danihelka and Jonah Ryan-Davis},
  year          = {2019},
  eprint        = {1908.09453},
  archiveprefix = {arXiv},
  primaryclass  = {cs.LG},
  journal       = {CoRR},
  volume        = {abs/1908.09453},
  url           = {http://arxiv.org/abs/1908.09453}
}


@article{Azuma67:Weighted,
  author  = {Azuma, Kazuoki},
  year    = {1967},
  journal = {Tohoku Mathematical Journal},
  number  = {3},
  title   = {Weighted sums of certain dependent random variables},
  volume  = {19}
}

@article{Hoeffding63:Probability,
  author  = {Wassily Hoeffding},
  title   = {Probability Inequalities for Sums of Bounded Random Variables},
  journal = {Journal of the American Statistical Association},
  volume  = {58},
  number  = {301},
  pages   = {13-30},
  year    = {1963}
}

@article{Orabona19:Modern,
  title   = {A Modern Introduction to Online Learning},
  author  = {Orabona, Francesco},
  journal = {arXiv preprint arXiv:1912.13213},
  year    = {2019}
}

@article{Blackwell73:Amount,
  title     = {On the amount of variance needed to escape from a strip},
  author    = {Blackwell, David and Freedman, David},
  journal   = {The Annals of Probability},
  pages     = {772--787},
  year      = {1973},
  publisher = {JSTOR}
}

@article{Freedman75:Tail,
  title     = {On Tail Probabilities for Martingales},
  author    = {Freedman, David A.},
  journal   = {The Annals of Probability},
  month     = {02},
  year      = {1975},
  number    = {1},
  pages     = {100--118},
  publisher = {The Institute of Mathematical Statistics},
  volume    = {3}
}

@incollection{Kuhn53:Extensive,
  author    = {H. W. Kuhn},
  title     = {Extensive Games and the Problem of Information},
  booktitle = {Contributions to the Theory of Games},
  publisher = {Princeton University Press},
  year      = {1953},
  editor    = {H. W. Kuhn and A. W. Tucker},
  volume    = {2},
  series    = {Annals of Mathematics Studies, 28},
  pages     = {193--216},
  address   = {Princeton, NJ}
}

@article{Gilpin12:First,
  author  = {Andrew Gilpin and Javier Pe{\~n}a and Tuomas Sandholm},
  title   = {First-Order Algorithm with $\mathcal{O}(\mathrm{ln} (1/\epsilon))$ Convergence for $\epsilon$-Equilibrium in Two-Person Zero-Sum Games},
  journal = {Mathematical Programming},
  year    = {2012},
  volume  = {133},
  number  = {1--2},
  pages   = {279--298},
  note    = {Conference version appeared in AAAI-08}
}

@article{Kreps82:Sequential,
  author  = {David M. Kreps and Robert Wilson},
  title   = {Sequential Equilibria},
  journal = {Econometrica},
  year    = {1982},
  volume  = {50},
  number  = {4},
  pages   = {863--894}
}


@article{Myerson78:Refinements,
  author  = {Roger B. Myerson},
  title   = {Refinements of the {N}ash equilibrium concept},
  journal = {International Journal of Game Theory},
  year    = {1978},
  volume  = {15},
  pages   = {133--154}
}

@article{Selten75:Reexamination,
  author    = {Selten, Reinhard},
  title     = {Reexamination of the perfectness concept for equilibrium points in extensive games},
  journal   = {International journal of game theory},
  year      = {1975},
  publisher = {Springer}
}

@article{vanDamme84:Relation,
  author    = {{van Damme}, Eric},
  title     = {A relation between perfect equilibria in extensive form games and proper equilibria in normal form games},
  journal   = {International Journal of Game Theory},
  year      = {1984},
  publisher = {Springer}
}

@article{Nash50:Equilibrium,
  author  = {John Nash},
  title   = {Equilibrium points in N-person games},
  journal = {Proceedings of the National Academy of Sciences},
  year    = {1950},
  volume  = {36},
  pages   = {48--49}
}

@article{Miltersen10:Computing,
  author  = {Peter Bro Miltersen and Troels Bjerre S{\o}rensen},
  title   = {Computing a Quasi-Perfect Equilibrium of a Two-Player Game},
  journal = {Economic Theory},
  year    = {2010},
  volume  = {42},
  number  = {1}
}

@book{vanDamme87:Stability,
  author    = {van Damme, Eric},
  title     = {Stability and Perfection of Nash Equilibria},
  year      = {1987},
  isbn      = {0-387-17101-0},
  publisher = {Springer-Verlag},
  address   = {Berlin, Heidelberg}
}

@inproceedings{Cermak14:Practical,
  title        = {Practical performance of refinements of Nash equilibria in extensive-form zero-sum games},
  author       = {Cermak, Ji{\v{r}}{\'i} and Bo{\v{s}}ansk{y}, Branislav and Lis{y}, Viliam},
  booktitle    = {Proceedings of the Twenty-first European Conference on Artificial Intelligence (ECAI)},
  pages        = {201--206},
  year         = {2014},
  organization = {IOS Press}
}

@inproceedings{Celli18:Computational,
  title     = {Computational Results for Extensive-Form Adversarial Team Games},
  author    = {Celli, Andrea and Gatti, Nicola},
  booktitle = AAAI,
  pages     = {965--972},
  year      = {2018}
}

@inproceedings{Basilico17:Team,
  title     = {Team-maxmin equilibrium: efficiency bounds and algorithms},
  author    = {Basilico, Nicola and Celli, Andrea and Nittis, Giuseppe De and Gatti, Nicola},
  booktitle = {Proceedings of the Thirty-First AAAI Conference on Artificial Intelligence},
  pages     = {356--362},
  year      = {2017}
}

@inproceedings{Zhang20:Computing,
  title     = {Computing Team-Maxmin Equilibria in Zero-Sum Multiplayer Extensive-Form Games},
  author    = {Zhang, Youzhi and An, Bo},
  booktitle = AAAI,
  pages     = {2318--2325},
  year      = {2020}
}

@inproceedings{Zhang20:Converging,
  title     = {Converging to Team-Maxmin Equilibria in Zero-Sum Multiplayer Games},
  author    = {Zhang, Youzhi and An, Bo},
  booktitle = ICML,
  year      = {2020}
}

@article{Ross71:Goofspiel,
  title     = {Goofspiel—the game of pure strategy},
  author    = {Ross, Sheldon M},
  journal   = {Journal of Applied Probability},
  volume    = {8},
  number    = {3},
  pages     = {621--625},
  year      = {1971},
  publisher = {Cambridge University Press}
}

@article{Stengel97:Team,
  title     = {Team-maxmin equilibria},
  author    = {von Stengel, Bernhard and Koller, Daphne},
  journal   = {Games and Economic Behavior},
  volume    = {21},
  number    = {1-2},
  pages     = {309--321},
  year      = {1997},
  publisher = {Elsevier}
}

@article{Blum07:From,
  title   = {From external to internal regret.},
  author  = {Blum, Avrim and Mansour, Yishay},
  journal = {Journal of Machine Learning Research},
  volume  = {8},
  number  = {6},
  year    = {2007}
}

@inproceedings{Southey05:Bayes,
  title     = {{B}ayes' bluff: opponent modelling in poker},
  author    = {Southey, Finnegan and Bowling, Michael and Larson, Bryce and Piccione, Carmelo and Burch, Neil and Billings, Darse and Rayner, Chris},
  booktitle = {Proceedings of the Twenty-First Conference on Uncertainty in Artificial Intelligence},
  pages     = {550--558},
  year      = {2005}
}